@Article{attentionisallyouneed,
  title="{Attention is all you need}",
  author={Vaswani, Ashish and Shazeer, Noam and Parmar, Niki and Uszkoreit, Jakob and Jones, Llion and Gomez, Aidan N and Kaiser, {\L}ukasz and Polosukhin, Illia},
  journal={Advances in neural information processing systems},
  volume={30},
  year={2017},
  url={https://proceedings.neurips.cc/paper_files/paper/2017/file/3f5ee243547dee91fbd053c1c4a845aa-Paper.pdf}
}

@InProceedings{vu-etal-2018-vncorenlp,
    title = "{{V}n{C}ore{NLP}: A {V}ietnamese Natural Language Processing Toolkit}",
    author = "Vu, Thanh  and
      Nguyen, Dat Quoc  and
      Nguyen, Dai Quoc  and
      Dras, Mark  and
      Johnson, Mark",
    booktitle = "Proceedings of the 2018 Conference of the North {A}merican Chapter of the Association for Computational Linguistics: Demonstrations",
    month = jun,
    year = "2018",
    address = "New Orleans, Louisiana",
    publisher = "Association for Computational Linguistics",
    url = "https://aclanthology.org/N18-5012",
    doi = "10.18653/v1/N18-5012",
    pages = "56--60",
}